@inproceedings{ dollarCVPR09peds,
       author = "P. Doll\'ar and C. Wojek and B. Schiele and  P. Perona",
       title = "Pedestrian Detection: A Benchmark",
       booktitle = "CVPR",
       month = "June",
       year = "2009",
       city = "Miami",
}
