@article{Dollar2012PAMI,
  author = {Piotr Doll\'ar and Christian Wojek and Bernt Schiele and Pietro Perona},
  title = {Pedestrian Detection: An Evaluation of the State of the Art},
  journal = {PAMI},
  volume = {34},
  year = {2012},
}
